@misc{BHuman2009,
  title = {B-Human Team Report and Code Release 2009},
  author = {Thomas R\"{o}fer and Tim Laue and Judith M\"{u}ller and Oliver
    B\"{o}sche and Armin Burchardt and Erik Damrose and Katharina Gillmann and
      Collin Graf and Thijs Jeffy de Haas and Alexander H\"{a}rtl and Andrik
      Rieskamp and Andr\'{e} Schreck and Ingo Sieverdingbeck and Jan-Hendrik
      Worch},
  year = {2009},
  note = {Only available online: \url{http://www.b-human.de/download.php?file=coderelease09\_doc}},
}

@article{Chen1992,
  author = {Chen, Yang and Medioni, G\'{e}rard},
  title = {Object modelling by registration of multiple range images},
  journal = {Image Vision Comput.},
  volume = {10},
  number = {3},
  year = {1992},
  issn = {0262-8856},
  pages = {145--155},
  doi = {http://dx.doi.org/10.1016/0262-8856(92)90066-C},
  publisher = {Butterworth-Heinemann},
  address = {Newton, MA, USA},
}

@inproceedings{Curless1996,
  author = {Curless, Brian and Levoy, Marc},
  title = {A volumetric method for building complex models from range images},
  booktitle = {SIGGRAPH '96: Proceedings of the 23rd annual conference on Computer graphics and interactive techniques},
  year = {1996},
  isbn = {0-89791-746-4},
  pages = {303--312},
  doi = {http://doi.acm.org/10.1145/237170.237269},
  publisher = {ACM},
  address = {New York, NY, USA},
}

@inproceedings{VanErp2006,
  title = {Tele-presence: Bringing the Operator Back in the Loop},
  author = {Jan B.F. van Erp and Maaike Duistermaat and Chris Jansen and Eric Groen and Marieka Hoedemaeker},
  booktitle = {Virtual Media for Military Applications},
  year = {2006},
  pages = {9-1 - 9-18},
  organization = {Meeting Proceedings RTO-MP-HFM},
}

@inproceedings{VanErp2000,
  title = {Controlling Unmanned Vehicles: The Human Solution},
  author = {Jan B. F. van Erp},
  booktitle = {RTO Meeting Proceedings},
  year = {2000},
  series = {4},
  pages = {B81 - 8/12},
}

@phdthesis{Drury2001,
  title = {Extending usability inspection evaluation techniques for
    synchronous collaborative computing applications},
  author = {Jill L. Drury},
  school = {Computer Science Department, University of Massachusetts Lowell},
  year = {2001},
}

@inproceedings{Drury2003,
  title = {Awareness in Human-Robot Interactions},
  author = {Jill L. Drury and Jean Scholtz and Holly a. Yanco},
  booktitle = {Proceedings of the IEEE Conference on Systems, Man and
    Cybernetics},
  address = {Washington, DC},
  month = {10},
  year = {2003},
}

@inproceedings{Endsley1988,
  title = {Design and evaluation for situation aweareness enhancement},
  author = {M. R. Endsley},
  booktitle = {Proc Human Factors Society 32nd Annual Meeting},
  address = {Santa Monica, CA},
  year = {1988},
}

@book{Greif1988,
  title = {Computer-Supported Cooperative Work: A Book of Readings},
  author = {I. Greif},
  publisher = {Morgan Kaufmann},
  year = {1988},
}

@inproceedings{Lederman2001,
  title = {Designing Haptic and Multimodal Interfaces: A Cognitive Scientist's
    Perspective},
  author = {Susan J. Lederman and Roberta L. Klatzky},
  booktitle = {Advances in Multimodal Interactive Telepresence Systems},
  address = {Munich, Germany},
  year = {2001},
  month = {3},
}

@article{Klatzky1985,
  title = {Identifying Objects By Touch: An 'Expert System'},
  author = {Roberta L. Klatzky and Susan J. Lederman and V. Metzger},
  journal = {Perception \& Psychophysics},
  volume = {37},
  pages = {299-302},
  year = {1985},
}

@article{Lederman1993,
  title = {Hand movements: A window into haptic object recognition},
  author = {Susan J. Lederman and Roberta L. Klatzky},
  journal = {Cognitive Psychology},
  volume = {19},
  pages = {342 - 368},
  year = {1987},
}

@misc{NaoSpec,
  author = {Aldebaran Robotics},
  title = {Nao Academics edition datasheet},
  note = {Visited at April 6, 2010},
  howpublished = {\url{http://www.aldebaran-robotics.com/Files/DSV3_En.pdf}},
}

@misc{NovintFalconSpec,
  author = {Novint Technologies},
  title = {Technical Specifications for Novint Falcon},
  note = {Visited at April 6, 2010},
  howpublished = {\url{http://home.novint.com/products/technical_specs.php}},
}

